<record><leader>00000cas a2200000 a 4500</leader><controlfield tag="001">11135001</controlfield><controlfield tag="008">840910d19101910ksuwr ne      0   a0eng d</controlfield><datafield ind1=" " ind2=" " tag="010"><subfield code="a">sn 84029667 </subfield></datafield><datafield ind1=" " ind2=" " tag="040"><subfield code="a">KSH</subfield><subfield code="b">eng</subfield><subfield code="c">KSH</subfield><subfield code="d">NPT</subfield><subfield code="d">OCL</subfield><subfield code="d">OCLCQ</subfield></datafield><datafield ind1=" " ind2=" " tag="042"><subfield code="a">msc</subfield></datafield><datafield ind1="0" ind2="4" tag="245"><subfield code="a">The Offerle promoter.</subfield></datafield><datafield ind1=" " ind2=" " tag="260"><subfield code="a">Offerle, Kan. :</subfield><subfield code="b">World Brotherhood,</subfield><subfield code="c">1910-</subfield></datafield><datafield ind1=" " ind2=" " tag="300"><subfield code="a">v. :</subfield><subfield code="b">ill. ;</subfield><subfield code="c">40 cm.</subfield></datafield><datafield ind1=" " ind2=" " tag="310"><subfield code="a">Weekly</subfield></datafield><datafield ind1="0" ind2=" " tag="362"><subfield code="a">Vol. 1, no. 1 (Oct. 7, 1910)-</subfield></datafield><datafield ind1="1" ind2=" " tag="362"><subfield code="a">Ceased with Nov. 18, 1910 issue?</subfield></datafield><datafield ind1=" " ind2=" " tag="500"><subfield code="a">Published by John C. Rice, Nov. 18, 1910.</subfield></datafield><datafield ind1=" " ind2=" " tag="500"><subfield code="a">"Independent in politics."</subfield></datafield><datafield ind1=" " ind2=" " tag="752"><subfield code="a">United States</subfield><subfield code="b">Kansas</subfield><subfield code="c">Edwards</subfield><subfield code="d">Offerle.</subfield></datafield></record>